@article{kamenica2019bayesian,
  title={Bayesian persuasion and information design},
  author={Kamenica, Emir},
  journal={Annual Review of Economics},
  volume={11},
  pages={249--272},
  year={2019},
  publisher={Annual Reviews}
}
  
  @article{kermack1927contribution,
  title={A contribution to the mathematical theory of epidemics},
  author={Kermack, William Ogilvy and McKendrick, Anderson G},
  journal={Proceedings of the royal society of london. Series A, Containing papers of a mathematical and physical character},
  volume={115},
  number={772},
  pages={700--721},
  year={1927},
  publisher={The Royal Society London}
}

@article{chen2012mathematical,
  title={A mathematical analysis of public avoidance behavior during epidemics using game theory},
  author={Chen, Frederick},
  journal={Journal of theoretical biology},
  volume={302},
  pages={18--28},
  year={2012},
  publisher={Elsevier}
}

@article{yue2020information,
  title={Information Asymmetry in an Epidemic: An Equilibrium Analysis of
Communication Failure},
  author={Yue, Lia and Yixi, Yang},
  year={2020}
}

@article{crawford1982strategic,
  title={Strategic information transmission},
  author={Crawford, Vincent P and Sobel, Joel},
  journal={Econometrica: Journal of the Econometric Society},
  pages={1431--1451},
  year={1982},
  publisher={JSTOR}
}

@article{kamenica2011bayesian,
  title={Bayesian persuasion},
  author={Kamenica, Emir and Gentzkow, Matthew},
  journal={American Economic Review},
  volume={101},
  number={6},
  pages={2590--2615},
  year={2011}
}